@techreport{Rabiner:HMMs,
  author      = {Lawrence R. Rabiner},
  title       = {A Tutorial on Hidden Markov Models and Selected Applications in Speech Recognition},
  year        = {1989},
  institution = {Proceeding of IEEE},
  number      = {77},
  pages       = {257-286},
}